@article{franchetti2022detection,
  title={Detection and localization of tip-burn on large lettuce canopies},
  author={Franchetti, Benjamin and Pirri, Fiora},
  journal={Frontiers in Plant Science},
  volume={13},
  pages={874035},
  year={2022},
  publisher={Frontiers}
}

@article{jung2023construction,
  title={Construction of deep learning-based disease detection model in plants},
  author={Jung, Minah and Song, Jong Seob and Shin, Ah-Young and Choi, Beomjo and Go, Sangjin and Kwon, Suk-Yoon and Park, Juhan and Park, Sung Goo and Kim, Yong-Min},
  journal={Scientific Reports},
  volume={13},
  number={1},
  pages={7331},
  year={2023},
  publisher={Nature Publishing Group UK London}
}

@article{liu2021plant,
  title={Plant diseases and pests detection based on deep learning: a review},
  author={Liu, Jun and Wang, Xuewei},
  journal={Plant Methods},
  volume={17},
  pages={1--18},
  year={2021},
  publisher={Springer}
}

@inproceedings{__2022,
	title = {스마트팜 피노믹스 시스템에서의 식물 질병 검출 알고리즘},
	url = {http://www.dbpia.co.kr/journal/articleDetail?nodeId=NODE11134061},
	abstract = {스마트팜 피노믹스 시스템은 재배하는 식물의 성장조건에 맞게 생육 환경을 일정하게 유지하고 관리하는 장치이지만, 그럼에도 불구하고 식물의 질병은 여러 가지 이유로 발생할 수 있다. 본 논문에서는 스마트팜 피노믹스 시스템에서 Mean Shift Segmentation 을 통한 식물의 질병을 자동으로 검출하는 식물 질병 검출 알고리즘을 제안한다. 식물의 질병 정도가 임의의 임계값을 넘을 경우, 해당 식물을 질병의 정도가 심한 식물로 판별하고, 적절한 수확시기를 결정하여 더 나은 상품성을 가진 식물을 재배할 수 있는 방법을 제시한다. 또한 식물의 질병이 급격하게 심해지는 기간을 확인하여 인간의 개입 없이 완전히 자동화된 시스템으로 더욱 세심하고 효율적인 식물 재배를 가능하게 함을 제시한다. 본 논문에서는 아이스버그(양상추)에 대한 재배 환경을 구축하여 생장 기간에 아이스버그에 발생하는 질병인 팁번 현상을 검출하는 실험을 진행하였다. 본 논문에서 제안한 방법은 다른 종류의 다양한 식물에서도 질병 검출이 가능하며, 스마트팜 피노믹스 시스템에서 질병 검출의 자동화를 위한 한 가지 방법으로 활용될 수 있을 것으로 기대된다.},
	language = {Korean},
	publisher = {한국방송·미디어공학회},
	author = {{박관익} and {심규동} and {백정현} and {이상화} and {박종일}},
	year = {2022},
	pages = {150--153},
}

@inproceedings{gozzovelli2021tip,
  title={Tip-burn stress detection of lettuce canopy grown in Plant Factories},
  author={Gozzovelli, Riccardo and Franchetti, Benjamin and Bekmurat, Malik and Pirri, Fiora},
  booktitle={Proceedings of the IEEE/CVF international conference on computer vision},
  pages={1259--1268},
  year={2021}
}

@article{bouarourou2023predictive,
  title={A Predictive Model for Abnormal Conditions in Smart Farming using IoT Sensors},
  author={Bouarourou, Soukaina and Boulalaam, Abdelhak and Zannou, Abderrahim and others},
  journal={Procedia Computer Science},
  volume={230},
  pages={248--256},
  year={2023},
  publisher={Elsevier}
}

@article{park20244,
  title={4 계절 딸기 생육을 위한 스마트팜 센서 데이터 및 딥러닝 예측 모델},
  author={박철홍 and 이수창 and 이미정 and 김진영 and 유광현},
  journal={디지털콘텐츠학회논문지},
  volume={25},
  number={2},
  pages={557--565},
  year={2024}
}

@inproceedings{adkisson2021autoencoder,
  title={Autoencoder-based anomaly detection in smart farming ecosystem},
  author={Adkisson, Mary and Kimmell, Jeffrey C and Gupta, Maanak and Abdelsalam, Mahmoud},
  booktitle={2021 IEEE International Conference on Big Data (Big Data)},
  pages={3390--3399},
  year={2021},
  organization={IEEE}
}

@article{de2020detecting,
  title={Detecting abnormal sensors via machine learning: An IoT farming WSN-based architecture case study},
  author={de Souza, Paulo Silas Severo and Rubin, Felipe Pfeifer and Hohemberger, Rumenigue and Ferreto, Tiago Coelho and Lorenzon, Arthur Francisco and Luizelli, Marcelo Caggiani and Rossi, F{\'a}bio Diniz},
  journal={Measurement},
  volume={164},
  pages={108042},
  year={2020},
  publisher={Elsevier}
}

@article{sharma2022technological,
  title={Technological revolutions in smart farming: Current trends, challenges \& future directions},
  author={Sharma, Vivek and Tripathi, Ashish Kumar and Mittal, Himanshu},
  journal={Computers and Electronics in Agriculture},
  volume={201},
  pages={107217},
  year={2022},
  publisher={Elsevier}
}

@article{lin2018sensortalk,
  author = {Lin, Y. and Lin, Y. and Lin, J. and Hung, H.},
  title = {SensorTalk: An {IoT} Device Failure Detection and Calibration Mechanism for Smart Farming},
  journal = {Sensors},
  volume = {19},
  number = {21},
  pages = {4788},
  year = {2018},
  doi = {10.3390/s19214788},
  url = {https://doi.org/10.3390/s19214788},
}
